<record><leader>00000cas a22000007a 4500</leader><controlfield tag="001">10197407</controlfield><controlfield tag="008">831207d18671870riudn ne      0    0eng d</controlfield><controlfield tag="009">3768</controlfield><datafield ind1=" " ind2=" " tag="010"><subfield code="a">sn 83021430 </subfield></datafield><datafield ind1=" " ind2=" " tag="040"><subfield code="a">NPX</subfield><subfield code="b">eng</subfield><subfield code="c">NPX</subfield><subfield code="d">DLC</subfield><subfield code="d">RHN</subfield><subfield code="d">OCLCQ</subfield><subfield code="d">CRL</subfield><subfield code="d">OCLCA</subfield><subfield code="d">OCLCF</subfield></datafield><datafield ind1=" " ind2=" " tag="042"><subfield code="a">msc</subfield></datafield><datafield ind1="0" ind2="0" tag="050"><subfield code="a">Newspaper 9669</subfield></datafield><datafield ind1="0" ind2="0" tag="245"><subfield code="a">Providence morning herald.</subfield></datafield><datafield ind1=" " ind2=" " tag="260"><subfield code="a">Providence, R.I. :</subfield><subfield code="b">Payne &amp; Scott</subfield></datafield><datafield ind1=" " ind2=" " tag="300"><subfield code="a">v.</subfield></datafield><datafield ind1=" " ind2=" " tag="310"><subfield code="a">Daily (except Sun. and holidays)</subfield></datafield><datafield ind1="0" ind2=" " tag="362"><subfield code="a">New ser., v. 1, no. 1 (May 20, 1867)-new ser., v. 4, no. 2 (May 21, 1870) = v. 18.</subfield></datafield><datafield ind1=" " ind2=" " tag="500"><subfield code="a">"Democratic."</subfield></datafield><datafield ind1=" " ind2=" " tag="530"><subfield code="a">Also available on microfilm from Bell &amp; Howell, Micro-Photo Div.</subfield></datafield><datafield ind1=" " ind2=" " tag="580"><subfield code="a">Weekly editions: Republican herald (Providence, R.I. : 1867), 1867-&lt;1868&gt;; Providence herald and Rhode Island gazetteer, &lt;1869&gt;-1870.</subfield></datafield><datafield ind1=" " ind2="0" tag="651"><subfield code="a">Providence (R.I.)</subfield><subfield code="v">Newspapers.</subfield></datafield><datafield ind1=" " ind2="7" tag="655"><subfield code="a">Newspapers.</subfield><subfield code="2">fast</subfield><subfield code="0">(OCoLC)fst01423814</subfield></datafield><datafield ind1=" " ind2="7" tag="651"><subfield code="a">Rhode Island</subfield><subfield code="z">Providence.</subfield><subfield code="2">fast</subfield><subfield code="0">(OCoLC)fst01204977</subfield></datafield><datafield ind1=" " ind2=" " tag="752"><subfield code="a">United States</subfield><subfield code="b">Rhode Island</subfield><subfield code="c">Providence</subfield><subfield code="d">Providence.</subfield></datafield><datafield ind1="1" ind2=" " tag="775"><subfield code="t">Republican herald (Providence, R.I. : 1867)</subfield><subfield code="w">(DLC)sn 83021463</subfield></datafield><datafield ind1="1" ind2=" " tag="775"><subfield code="t">Republican herald and Rhode Island gazetteer</subfield><subfield code="w">(DLC)sn 83021464</subfield></datafield><datafield ind1="0" ind2="0" tag="780"><subfield code="t">Providence daily post</subfield><subfield code="w">(DLC)sn 83021475</subfield><subfield code="w">(OCoLC)10197314</subfield></datafield><datafield ind1="0" ind2="0" tag="785"><subfield code="t">Morning herald (Providence, R.I.)</subfield><subfield code="w">(DLC)sn 83021431</subfield><subfield code="w">(OCoLC)10181373</subfield></datafield></record>